@book{Coleridge1816,
	title		={Christabel, Kubla Khan, and the Pains of Sleep},
	author		={Coleridge, Samuel Taylor},
	year		={1816},
	publisher	={John Murray}
}

@inproceedings{FournierInkpen2012,
	author		= {Chris Fournier and Diana Inkpen},
	title		= {Segmentation Similarity and Agreement},
	booktitle	= {Human Language Technologies: The 2012 Annual Conference of the North American Chapter of the Association for Computational Linguistics},
	series		= {HLT '12},
	year		= {2012},
	location	= {Montreal, Quebec, Canada},
	numpages	= {10},
	publisher	= {Association for Computational Linguistics}
}

@article{Likert1932,
	author		= {Likert, Rensis},
	title		= {{A Technique for the Measurement of Attitudes}},
	journal		= {Archives of Psychology},
	volume		= {140},
	pages		= {342--351},
	year		= {1932}
} 
